@book{stinson1976intermediate,
  title={Intermediate mathematics of electromagnetics},
  author={Stinson, D.C.},
  lccn={75034206},
  series={Prentice-Hall electrical engineering series},
  url={https://books.google.com/books?id=j5YpAQAAMAAJ},
  year={1976},
  publisher={Prentice-Hall}
}
